<?xml version="1.0" encoding="UTF-8"?>
<collection xmlns="http://www.loc.gov/MARC21/slim">
<record>
  <leader>.....nope 12.....7  45432</leader>
  <datafield tag="001" ind1="0" ind2="0">
    <subfield code="a">ssib004555195</subfield>
    <subfield code="b">820020</subfield>
    <subfield code="c">20120617060120</subfield>
    <subfield code="d">20120617</subfield>
    <subfield code="f">a</subfield>
  </datafield>
  <datafield tag="004" ind1="0" ind2="0">
    <subfield code="r">n</subfield>
    <subfield code="a">e</subfield>
  </datafield>
  <datafield tag="008" ind1="0" ind2="0">
    <subfield code="t">p</subfield>
    <subfield code="a">????</subfield>
    <subfield code="z">????</subfield>
    <subfield code="v">3</subfield>
  </datafield>
  <datafield tag="009" ind1="0" ind2="0">
    <subfield code="a">a</subfield>
    <subfield code="g">xe</subfield>
    <subfield code="b">t</subfield>
  </datafield>
  <datafield tag="240" ind1="0" ind2="0">
    <subfield code="a">Melange</subfield>
    <subfield code="j">German Language : Online</subfield>
  </datafield>
  <datafield tag="245" ind1="0" ind2="0">
    <subfield code="a">melange (German Language)</subfield>
    <subfield code="m">electronic resource</subfield>
  </datafield>
  <datafield tag="260" ind1="0" ind2="0">
    <subfield code="a">S.l.</subfield>
    <subfield code="b">s.n</subfield>
  </datafield>
  <datafield tag="559" ind1="0" ind2="0">
    <subfield code="a">Title from content provider</subfield>
  </datafield>
  <datafield tag="856" ind1="0" ind2="0">
    <subfield code="z">Full text available from MooHouse: 02/01/2005 to present</subfield>
    <subfield code="u">http://ez.statsbiblioteket.dk:2048/login?url=http://example.com/login.asp?XSID=PLUMBUM</subfield>
  </datafield>
  <datafield tag="980" ind1="0" ind2="0">
    <subfield code="d">02/01/2005</subfield>
    <subfield code="e">present</subfield>
    <subfield code="g">MooHouse</subfield>
  </datafield>
</record>