
<record>
  <leader>.....nape 92.....3  41232</leader>
  <datafield tag="001" ind1="0" ind2="0">
    <subfield code="a">ssib006286921</subfield>
    <subfield code="b">820011</subfield>
    <subfield code="c">20120618060120</subfield>
    <subfield code="d">20120618</subfield>
    <subfield code="f">a</subfield>
  </datafield>
  <datafield tag="004" ind1="0" ind2="0">
    <subfield code="r">n</subfield>
    <subfield code="a">e</subfield>
  </datafield>
  <datafield tag="008" ind1="0" ind2="0">
    <subfield code="t">p</subfield>
    <subfield code="a">????</subfield>
    <subfield code="z">????</subfield>
    <subfield code="v">3</subfield>
  </datafield>
  <datafield tag="009" ind1="0" ind2="0">
    <subfield code="a">a</subfield>
    <subfield code="g">xe</subfield>
    <subfield code="b">t</subfield>
  </datafield>
  <datafield tag="240" ind1="0" ind2="0">
    <subfield code="a">(1.): Unser Mimon im Geraut</subfield>
    <subfield code="j">Online</subfield>
  </datafield>
  <datafield tag="245" ind1="0" ind2="0">
    <subfield code="a">(1.): Unser Mimon im Geraut</subfield>
    <subfield code="m">electronic resource</subfield>
  </datafield>
  <datafield tag="260" ind1="0" ind2="0">
    <subfield code="a">S.l.</subfield>
    <subfield code="b">s.n</subfield>
  </datafield>
  <datafield tag="559" ind1="0" ind2="0">
    <subfield code="a">Title from content provider</subfield>
  </datafield>
  <datafield tag="856" ind1="0" ind2="0">
    <subfield code="z">Full text available from Melon Collie: 1961 to 1971</subfield>
    <subfield code="u">http://example.com/specific/anomtopom77schwinn</subfield>
  </datafield>
  <datafield tag="980" ind1="0" ind2="0">
    <subfield code="d">1916</subfield>
    <subfield code="e">1917</subfield>
    <subfield code="g">Melon Collie</subfield>
  </datafield>
</record>
</collection>
